@article{stone2000crc,
  title={When the CRC and TCP checksum disagree},
  author={Stone, Jonathan and Partridge, Craig},
  journal={ACM SIGCOMM computer communication review},
  volume={30},
  number={4},
  pages={309--319},
  year={2000},
  publisher={ACM New York, NY, USA}
}

@article{kurose2010computer,
  title={Computer networks: A top down approach featuring the internet},
  author={Kurose, James and Ross, Keith},
  journal={Peorsoim Addison Wesley},
  year={2010}
}